<?xml version="1.0" encoding="UTF-8"?><collection xmlns="http://www.loc.gov/MARC21/slim"><record><leader>00344nam--2200145-i-4500</leader><controlfield tag="001">000011233</controlfield><controlfield tag="002">20161230</controlfield><controlfield tag="005">20170222151544</controlfield><controlfield tag="008">060222s1000------------r-----000-0-eng-d</controlfield><datafield ind1=" " ind2=" " tag="100"><subfield code="a">Bundaru, M</subfield></datafield><datafield ind1=" " ind2=" " tag="245"><subfield code="a">On the landau diamagnetism</subfield></datafield><datafield ind1=" " ind2=" " tag="260"><subfield code="a">Bucharest-Romania</subfield><subfield code="c">1974</subfield></datafield><datafield ind1=" " ind2=" " tag="300"><subfield code="a">34 p</subfield></datafield><datafield ind1=" " ind2=" " tag="700"><subfield code="a">Nenciu, G</subfield></datafield><datafield ind1=" " ind2=" " tag="CAT"><subfield code="a">SYS</subfield><subfield code="c">20170222</subfield><subfield code="h">151544</subfield></datafield></record></collection>